<?xml version="1.0" encoding="UTF-8"?><collection xmlns="http://www.loc.gov/MARC21/slim"><record><leader>00478nam--2200193-i-4500</leader><controlfield tag="001">000050206</controlfield><controlfield tag="002">20161230</controlfield><controlfield tag="005">20161230201048</controlfield><controlfield tag="008">060222s1000------------r-----000-0-rus-d</controlfield><datafield ind1=" " ind2=" " tag="040"><subfield code="a">IFIN-HH</subfield></datafield><datafield ind1=" " ind2=" " tag="041"><subfield code="a">rus</subfield></datafield><datafield ind1=" " ind2=" " tag="080"><subfield code="a">531</subfield></datafield><datafield ind1="1" ind2=" " tag="100"><subfield code="a">Bakai,A.S</subfield></datafield><datafield ind1="1" ind2="0" tag="245"><subfield code="a">Adiabaticheskie invarianty</subfield><subfield code="c">A.S. Bakai, Iu.N. STEPANOVKSII</subfield></datafield><datafield ind1=" " ind2=" " tag="260"><subfield code="a">Kiev, Naukova Dumka, 1981</subfield></datafield><datafield ind1=" " ind2=" " tag="300"><subfield code="a">284 S</subfield></datafield><datafield ind1=" " ind2=" " tag="700"><subfield code="a">STEPANOVKSII, Iu.N</subfield></datafield><datafield ind1=" " ind2=" " tag="852"><subfield code="a">75617</subfield><subfield code="c">531</subfield></datafield><datafield ind1=" " ind2=" " tag="CAT"><subfield code="a">Sys</subfield><subfield code="c">20100707</subfield><subfield code="h">113326</subfield></datafield></record></collection>